%% This BibTeX bibliography file was created using BibDesk.
%% http://bibdesk.sourceforge.net/


%% Created for Rong Zhu at 2017-05-11 17:09:08 +0800 


%% Saved with string encoding Unicode (UTF-8) 



@article{Andrews:91,
	Author = {Andrews, D.W.K.},
	Date-Added = {2017-05-11 09:08:21 +0000},
	Date-Modified = {2017-05-11 09:09:08 +0000},
	Journal = {Journal of Econometrics},
	Pages = {359-377},
	Title = {Asymptotic optimality of generalized CL, cross-validation, and generalized cross-validation in regression with heteroskedastic errors},
	Volume = {47},
	Year = {1991}}

@article{zhu2011model,
	Author = {Zhu, L.P. and Li, L. and Li, R. and Zhu, L.X.},
	Date-Added = {2017-05-09 11:54:47 +0000},
	Date-Modified = {2017-05-09 11:57:38 +0000},
	Journal = {Journal of the American Statistical Association},
	Pages = {1464-1475},
	Title = {Model-Free Feature Screening for Ultrahigh-Dimensional Data},
	Volume = {106},
	Year = {2011}}

@article{box1976science,
	Author = {Box, G.E.P.},
	Date-Added = {2017-05-09 02:26:37 +0000},
	Date-Modified = {2017-05-09 02:27:23 +0000},
	Journal = {Journal of the American Statistical Association},
	Pages = {791-799},
	Title = {Science and Statistics},
	Volume = {71},
	Year = {1976}}

@article{Fan:08,
	Author = {J. Fan and J. Lv},
	Date-Added = {2017-04-17 01:59:08 +0000},
	Date-Modified = {2017-04-17 02:00:03 +0000},
	Journal = {Journal of the Royal Statistical Society, Series B},
	Pages = {849-911},
	Title = {Sure Independence Screening for Ultrahigh Dimensional Feature Space (with discussion)},
	Volume = {70},
	Year = {2008}}

@article{Saldana:16,
	Author = {D. F. Saldana and Y. Feng},
	Date-Added = {2017-04-17 01:57:24 +0000},
	Date-Modified = {2017-04-17 01:59:01 +0000},
	Journal = {Journal of Statistical Software},
	Title = {SIS: An R package for Sure Independence Screening in Ultrahigh Dimensional Statistical Models},
	Year = {2016}}

@article{Breheny:11,
	Author = {Breheny, P. and Huang, J.},
	Date-Added = {2017-03-22 03:57:37 +0000},
	Date-Modified = {2017-03-22 03:58:41 +0000},
	Journal = {Annals of Applied Statistics},
	Pages = {232-253},
	Title = {Coordinate Descent Algorithms for Nonconvex Penalized Regression, With Applications to Biological Feature selection},
	Volume = {5},
	Year = {2011}}

@article{Zhang:10,
	Author = {Zhang, C.H.},
	Date-Added = {2017-03-22 03:56:25 +0000},
	Date-Modified = {2017-03-22 03:57:03 +0000},
	Journal = {The Annals of Statistics},
	Pages = {894-942},
	Title = {Nearly Unbiased Variable Selection Under Minimax Concave Penalty},
	Volume = {38},
	Year = {2010}}

@article{Clyde:96,
	Author = {Clyde, M. and Desimone, H. and Parmigiani, G.},
	Date-Added = {2017-03-13 01:24:57 +0000},
	Date-Modified = {2017-03-13 01:26:58 +0000},
	Journal = {Journal of the American Statistical Association},
	Pages = {1197-1208},
	Title = {Prediction via orthogonalized model mixing},
	Volume = {91},
	Year = {1996}}

@book{claeskens.hjort:2008,
	Address = {Cambridge},
	Author = {Claeskens, Gerda and Hjort, N. L.},
	Publisher = {Cambridge University Press},
	Title = {Model Selection and Model Averaging},
	Year = {2008}}

@article{Liang:11,
	Author = {Liang, H. and Zou, G.H. and Wan, A.T.K. and Zhang, X.Y.},
	Date-Added = {2016-06-09 02:32:32 +0000},
	Date-Modified = {2016-06-09 02:35:39 +0000},
	Journal = {Journal of American Statistical Association},
	Pages = {1053-1066},
	Title = {Optimal weight choice for frequentist model average estimators},
	Volume = {106},
	Year = {2011}}

@article{Fan:01,
	Author = {Fan, J. and Li, R.},
	Date-Added = {2016-06-08 23:09:20 +0000},
	Date-Modified = {2016-06-08 23:09:25 +0000},
	Journal = {Journal of the American Statistical Association},
	Pages = {1348-1360},
	Title = {Variable Selection via Noconcave penalized likelihood and its oracle properties},
	Volume = {96},
	Year = {2001}}

@article{Efron:04,
	Author = {Efron, B. and Johnstone, I. and Hastie, T. and Tibshirani, R.},
	Date-Added = {2016-06-08 23:09:07 +0000},
	Date-Modified = {2016-06-08 23:09:12 +0000},
	Journal = {Annals of Statistics},
	Pages = {407-499},
	Title = {Least angle regression},
	Volume = {32},
	Year = {2004}}

@article{Tibshirani:96,
	Author = {Tibshirani, R.J.},
	Date-Added = {2016-06-08 23:08:53 +0000},
	Date-Modified = {2016-06-08 23:09:01 +0000},
	Journal = {Journal of the Royal Statistical Society. Series B},
	Pages = {267-288},
	Title = {Regression Shrikage and selection via the lasso},
	Volume = {58},
	Year = {1996}}

@article{Zou:05,
	Author = {Zou, H. and Hastie, T.},
	Date-Added = {2016-06-08 23:08:18 +0000},
	Date-Modified = {2016-06-08 23:08:25 +0000},
	Journal = {Journal of the Royal Statistical Society, Series B},
	Pages = {301-320},
	Title = {Regularization and variable slection via the elastic net},
	Volume = {67},
	Year = {2005}}

@article{Shao:97,
	Author = {Shao, J.},
	Date-Added = {2016-06-08 15:19:28 +0000},
	Date-Modified = {2016-06-08 15:20:46 +0000},
	Journal = {Statistica Sinica},
	Pages = {221-264},
	Title = {An Asymptotic theory for linear model selection (with discussion)},
	Volume = {7},
	Year = {1997}}

@article{Claeskens:2012,
	Author = {Claeskens, G.},
	Date-Added = {2016-06-08 15:19:28 +0000},
	Date-Modified = {2016-06-08 15:20:46 +0000},
	Journal = {Statistica Neerlandica},
	Pages = {272-287},
	Title = {Focused estimation and model averaging with penalization methods, an overview},
	Volume = {66},
	Year = {2012}}

@article{Li:86,
	Author = {Li, K.C.},
	Date-Added = {2016-06-08 15:17:55 +0000},
	Date-Modified = {2016-06-08 15:19:20 +0000},
	Journal = {The Annals of Statistics},
	Pages = {1011-1112},
	Title = {Asymptotic Optimality of $C_L$ and Generalized Crossvalidation in Ridge Regression With Application to Spline Smoothing},
	Volume = {14},
	Year = {1986}}

@book{Wooldridge:03,
	Author = {Wooldridge, D.M.},
	Date-Added = {2016-06-01 00:56:57 +0000},
	Date-Modified = {2016-06-01 02:35:11 +0000},
	Publisher = {Thompson South-Western},
	Title = {Introductory Econometrics},
	Year = {2003}}

@article{Raftery:97,
	Author = {Raftery, A. and Madigan, D. and Hoeting, J.},
	Date-Added = {2016-05-22 15:43:07 +0000},
	Date-Modified = {2016-05-22 15:43:56 +0000},
	Journal = {Journal of American Statistical Association},
	Pages = {179-191},
	Title = {Bayesian Model Averaging for Linear Regression Models},
	Volume = {92},
	Year = {1997}}

@article{Hoeting:99,
	Author = {Hoeting, J. A. and Madigan, D. and Raftery, A. E. and Volinsky, C. T.},
	Date-Added = {2016-05-22 15:41:46 +0000},
	Date-Modified = {2016-05-22 15:42:47 +0000},
	Journal = {Statistical Science},
	Pages = {382-417},
	Title = {Bayesian Model Averaging: A Tutorial},
	Volume = {14},
	Year = {1999}}

@article{Li:87,
	Author = {Li, K.C.},
	Date-Added = {2016-05-22 14:15:21 +0000},
	Date-Modified = {2016-05-22 14:17:03 +0000},
	Journal = {The Annals of Statistics},
	Pages = {958-975},
	Title = {Asymptotic Optimality for $C_p$, $C_l$, Cross-Validation and Generalized Cross-Validation: Discrete Index Set},
	Volume = {15},
	Year = {1987}}

@article{Leung:06,
	Author = {Leung, G. and Barron, A. R.},
	Date-Added = {2016-05-22 14:14:10 +0000},
	Date-Modified = {2016-05-22 14:15:06 +0000},
	Journal = {IEEE Transactions on Information Theory},
	Pages = {3396-3410},
	Title = {Information Theory and Mixing Least- Squares Regressions},
	Volume = {52},
	Year = {2006}}

@article{Hjort:03,
	Author = {Hjort, N. and Claeskens, G.},
	Date-Added = {2016-05-22 14:13:08 +0000},
	Date-Modified = {2016-05-22 14:13:47 +0000},
	Journal = {Journal of American Statistical Association},
	Pages = {879-899},
	Title = {Frequentist Model Average Estimators},
	Volume = {98},
	Year = {2003}}

@article{Buckland:97,
	Author = {Buckland, S. and Burnham, K. and Augustin, N.},
	Date-Added = {2016-05-22 14:11:40 +0000},
	Date-Modified = {2016-05-22 14:12:36 +0000},
	Journal = {Biometrics},
	Pages = {603-618},
	Title = {Model Selection: An Integral Part of Inference},
	Volume = {53},
	Year = {1997}}

@article{Yang:01,
	Author = {Yang, Y.},
	Date-Added = {2016-05-22 14:10:39 +0000},
	Date-Modified = {2016-05-22 14:11:17 +0000},
	Journal = {Journal of American Statistical Association},
	Pages = {574-588},
	Title = {Adaptive Regression by Mixing},
	Volume = {96},
	Year = {2001}}

@article{Yuan:05,
	Author = {Yuan, Z. and Yang, Y.},
	Date-Added = {2016-05-22 14:09:44 +0000},
	Date-Modified = {2016-05-22 14:10:32 +0000},
	Journal = {Journal of American Statistical Association},
	Pages = {1202-1214},
	Title = {Combining Linear Regression Models: When and How?},
	Volume = {100},
	Year = {2005}}

@article{Hansen:07,
	Author = {Hansen, B.E.},
	Date-Added = {2016-05-22 14:07:45 +0000},
	Date-Modified = {2016-05-22 14:08:26 +0000},
	Journal = {Econometrica},
	Pages = {1175-1189},
	Title = {Least squares model averaging},
	Volume = {75},
	Year = {2007}}

@article{Hansen:12,
	Author = {Hansen, B.E. and Racine, J.},
	Date-Added = {2016-05-22 14:06:45 +0000},
	Date-Modified = {2016-05-22 14:07:38 +0000},
	Journal = {Journal of Econometrics},
	Pages = {38-46},
	Title = {Jackknife model averaging},
	Volume = {167},
	Year = {2012}}

@article{Ando:14,
	Author = {Ando, T. and Li, K.C.},
	Date-Added = {2016-05-22 13:59:48 +0000},
	Date-Modified = {2016-05-22 14:01:13 +0000},
	Journal = {Journal of American Statistical Association},
	Pages = {254-265},
	Title = {A model-averaging approach for high-dimensional regression},
	Volume = {109},
	Year = {2014}}

@article{Akaike1973,
	Author = {Akaike, Hirotugu},
	Journal = {2nd International Symposium on Information Theory},
	Pages = {(B. N. Petrov and F. C{\'{z}}aki, eds), pp. 267-281. Akademiai Kaid{\'{o}}, Budapest},
	Publisher = {Budapest: Akademiai Kaid{\'{o}}},
	Title = {Information Theory and an Extension of the Maximum Likelihood Principle},
	Year = {1973}}

@article{wan2010least,
	Author = {Wan, Alan TK and Zhang, Xinyu and Zou, Guohua},
	Journal = {Journal of Econometrics},
	Number = {2},
	Pages = {277--283},
	Publisher = {Elsevier},
	Title = {Least squares model averaging by Mallows criterion},
	Volume = {156},
	Year = {2010}}

@article{zhang2015optimal,
	Author = {Zhang, Xinyu and Yu, Dalei and Zou, Guohua and Liang, Hua},
	Journal = {Journal of the American Statistical Association},
	Number = {just-accepted},
	Pages = {1--43},
	Publisher = {Taylor \& Francis},
	Title = {Optimal Model Averaging Estimation for Generalized Linear Models and Generalized Linear Mixed-Effects Models},
	Year = {2015}}

@article{zhang2013adaptively,
	Author = {Zhang, Xinyu and Lu, Zudi and Zou, Guohua},
	Journal = {Journal of Econometrics},
	Number = {1},
	Pages = {80--91},
	Publisher = {Elsevier},
	Title = {Adaptively combined forecasting for discrete response time series},
	Volume = {176},
	Year = {2013}}

@article{zhang2014model,
	Author = {Zhang, Xinyu and Zou, Guohua and Liang, Hua},
	Journal = {Biometrika},
	Number = {1},
	Pages = {205--218},
	Publisher = {Biometrika Trust},
	Title = {Model averaging and weight choice in linear mixed-effects models},
	Volume = {101},
	Year = {2014}}

@article{Xiong2016,
author = {Shifeng Xiong and Bin Dai and Jared Huling and Peter Z. G. Qian},
title = {Orthogonalizing EM: A Design-Based Least Squares Algorithm},
journal = {Technometrics},
volume = {58},
number = {3},
pages = {285-293},
year = {2016},
doi = {10.1080/00401706.2015.1054436}
}


